@ONLINE{dlang,
    author = {Walter Bright and Andrei Alexandrescu et al.},
    organization = {Digital Mars},
    url = {http://dlang.org},
    title = {D Programming Language},
    year = {2012},
    urldate = {2012-03-19}
}